@article{tian_kanade_cohn_2001, 
    title={Recognizing action units for facial expression analysis}, volume={23}, url={https://www.cs.cmu.edu/~face/Papers/112006-1.pdf}, DOI={10.1109/34.908962}, number={2}, journal={IEEE Transactions on Pattern Analysis and Machine Intelligence}, author={Tian, Y.-I. and Kanade, T. and Cohn, J.f.}, year={2001}, month={Feb}, pages={97-115}
}
@Article{KDEF,
  author = {Lundqvist, D., Flykt, A., \& {\"O}hman, A.},
  title = {The Karolinska Directed Emotional Faces - KDEF},
  year = {1998},
  note = {real faces data retrieved here. Lundqvist, D., Flykt, A., \& {\"O}hman, A. (1998). The Karolinska Directed Emotional Faces - KDEF, CD ROM from Department of Clinical Neuroscience, Psychology section, Karolinska Institutet, ISBN 91-630-7164-9.}
  url = {http://www.emotionlab.se/kdef/}}
}
@inproceedings{aneja2016modeling,
  title={Modeling Stylized Character Expressions via Deep Learning},
  author={Aneja, Deepali and Colburn, Alex and Faigin, Gary and Shapiro, Linda and Mones, Barbara},
  booktitle={Asian Conference on Computer Vision},
  pages={136--153},
  year={2016},
  organization={Springer}
}
@Article{dlib09,
  author = {Davis E. King},
  title = {Dlib-ml: A Machine Learning Toolkit},
  journal = {Journal of Machine Learning Research},
  year = {2009},
  volume = {10},
  pages = {1755-1758},
}
@misc{dlib-models,
    author = {Davis King},
    title = {dlib-models},
    note = {Github repository for pretrained dlib-models},
    url = {https://github.com/davisking/dlib-models}}
}
@misc{geitgey_2016, title={Machine Learning is Fun! Part 4: Modern Face Recognition with Deep Learning}, url={https://medium.com/@ageitgey/machine-learning-is-fun-part-4-modern-face-recognition-with-deep-learning-c3cffc121d78}, journal={Medium}, publisher={Medium}, author={Geitgey, Adam}, year={2016}, month={Jul}
}
@article{scikit-learn,
 title={Scikit-learn: Machine Learning in {P}ython},
 author={Pedregosa, F. and Varoquaux, G. and Gramfort, A. and Michel, V.
         and Thirion, B. and Grisel, O. and Blondel, M. and Prettenhofer, P.
         and Weiss, R. and Dubourg, V. and Vanderplas, J. and Passos, A. and
         Cournapeau, D. and Brucher, M. and Perrot, M. and Duchesnay, E.},
 journal={Journal of Machine Learning Research},
 volume={12},
 pages={2825--2830},
 year={2011}
}
@techreport{amos2016openface,
  title={OpenFace: A general-purpose face recognition
    library with mobile applications},
  author={Amos, Brandon and Bartosz Ludwiczuk and Satyanarayanan, Mahadev},
  year={2016},
  institution={CMU-CS-16-118, CMU School of Computer Science},
}


